@inproceedings{b08,
  author    = {Mira Belenkiy and
               Melissa Chase and
               C. Christopher Erway and
               John Jannotti and
               Alptekin K{\"{u}}p{\c{c}}{\"{u}} and
               Anna Lysyanskaya},
  title     = {Incentivizing outsourced computation},
  booktitle = {Proceedings of the {ACM} {SIGCOMM} 2008 Workshop on Economics of Networked
               Systems, NetEcon 2008, Seattle, WA, USA, August 22, 2008},
  pages     = {85--90},
  year      = {2008}
}

@phdthesis{papakonstantinou2010constructions,
	title={Constructions, lower bounds, and new directions in Cryptography and Computational Complexity},
	author={Papakonstantinou, Periklis A},
	year={2010},
	school={University of Toronto}
}

@article{nisan1992pseudorandom,
	title={Pseudorandom generators for space-bounded computation},
	author={Nisan, Noam},
	journal={Combinatorica},
	volume={12},
	number={4},
	pages={449--461},
	year={1992},
	publisher={Springer}
}

@article{johnson2006np,
	title={The NP-completeness column: The many limits on approximation},
	author={Johnson, David S},
	journal={ACM Transactions on Algorithms (TALG)},
	volume={2},
	number={3},
	pages={473--489},
	year={2006},
	publisher={ACM}
}

@inproceedings{khot2006better,
	title={Better inapproximability results for maxclique, chromatic number and min-3lin-deletion},
	author={Khot, Subhash and Ponnuswami, Ashok Kumar},
	booktitle={International Colloquium on Automata, Languages, and Programming},
	pages={226--237},
	year={2006},
	organization={Springer}
}

@inproceedings{makarychev2010maximum,
	title={Maximum quadratic assignment problem: Reduction from maximum label cover and lp-based approximation algorithm},
	author={Makarychev, Konstantin and Manokaran, Rajsekar and Sviridenko, Maxim},
	booktitle={International Colloquium on Automata, Languages, and Programming},
	pages={594--604},
	year={2010},
	organization={Springer}
}

@inproceedings{karp1985constructing,
	title={Constructing a perfect matching is in random NC},
	author={Karp, Richard M and Upfal, Eli and Wigderson, Avi},
	booktitle={Proceedings of the seventeenth annual ACM symposium on Theory of computing},
	pages={22--32},
	year={1985},
	organization={ACM}
}

@article{barrington1991oracle,
	title={Oracle branching programs and Logspace versus P},
	author={Barrington, David A Mix and McKenzie, Pierre},
	journal={Information and Computation},
	volume={95},
	number={1},
	pages={96--115},
	year={1991},
	publisher={Elsevier}
}

@article{dns,
  author    = {Cynthia Dwork and
               Moni Naor and
               Amit Sahai},
  title     = {Concurrent zero-knowledge},
  journal   = {J. {ACM}},
  volume    = {51},
  number    = {6},
  pages     = {851--898},
  year      = {2004}
}

@article{halpern2011don,
  title={I don't want to think about it now: Decision theory with costly computation},
  author={Halpern, Joseph Y and Pass, Rafael},
  journal={arXiv preprint arXiv:1106.2657},
  year={2011}
}

@article{AL10,
  author    = {Yonatan Aumann and
               Yehuda Lindell},
  title     = {Security Against Covert Adversaries: Efficient Protocols for Realistic
               Adversaries},
  journal   = {J. Cryptology},
  volume    = {23},
  number    = {2},
  pages     = {281--343},
  year      = {2010}
  }


@inproceedings{am1,
  title={Super-efficient rational proofs},
  author={Azar, Pablo Daniel and Micali, Silvio},
  booktitle={Proceedings of the fourteenth ACM conference on Electronic commerce},
  pages={29--30},
  year={2013},
  organization={ACM}
}

@inproceedings{babai,
  title={Trading group theory for randomness},
  author={Babai, L{\'a}szl{\'o}},
  booktitle={Proceedings of the seventeenth annual ACM symposium on Theory of computing},
  pages={421--429},
  year={1985},
  organization={ACM}
}

@inproceedings{chen2016rational,
  title={Rational proofs with multiple provers},
  author={Chen, Jing and McCauley, Samuel and Singh, Shikha},
  booktitle={Proceedings of the 2016 ACM Conference on Innovations in Theoretical Computer Science},
  pages={237--248},
  year={2016},
  organization={ACM}
}

@article{wb15,
  title={Verifying computations without reexecuting them},
  author={Walfish, Michael and Blumberg, Andrew J},
  journal={Communications of the ACM},
  volume={58},
  number={2},
  pages={74--84},
  year={2015},
  publisher={ACM}
}

@article{SCcompleteness,
  title={Bounded size dictionary compression: {SC}$_k$-completeness and {NC} algorithms},
  author={De Agostino, Sergio and Silvestri, Riccardo},
  journal={Information and Computation},
  volume={180},
  number={2},
  pages={101--112},
  year={2003},
  publisher={Elsevier}
}


@inproceedings{rrr16,
  title={Constant-Round Interactive Proofs for Delegating Computation},
 author={Omer Reingold and Ron Rothblum and Guy Rothblum },
  booktitle={Proceedings of the Forty-Eighth Annual ACM on Symposium on Theory of Computing},
  pages={To appear},
  year={2016},
  organization={ACM}
}

@incollection{ggp10,
  title={Non-interactive verifiable computing: Outsourcing computation to untrusted workers},
  author={Gennaro, Rosario and Gentry, Craig and Parno, Bryan},
  booktitle={Advances in Cryptology--CRYPTO 2010},
  pages={465--482},
  year={2010},
  publisher={Springer}
}

@inproceedings{ggpr13,
  title={Quadratic Span Programs and Succinct {NIZK}s without {PCP}s.},
  author={Gennaro, Rosario and Gentry, Craig and Parno, Bryan and Raykova, Mariana},
  booktitle={EUROCRYPT},
  volume={7881},
  pages={626--645},
  year={2013},
  organization={Springer}
}

@inproceedings{krr14,
  title={How to delegate computations: the power of no-signaling proofs},
  author={Kalai, Yael Tauman and Raz, Ran and Rothblum, Ron D},
  booktitle={Proceedings of the 46th Annual ACM Symposium on Theory of Computing},
  pages={485--494},
  year={2014},
  organization={ACM}
}

@article{gmr,
  title={The knowledge complexity of interactive proof systems},
  author={Goldwasser, Shafi and Micali, Silvio and Rackoff, Charles},
  journal={SIAM Journal on computing},
  volume={18},
  number={1},
  pages={186--208},
  year={1989},
  publisher={SIAM}
}

@inproceedings{ratargs,
  title={Rational arguments: single round delegation with sublinear verification},
  author={Guo, Siyao and Hub{\'a}{\v{c}}ek, Pavel and Rosen, Alon and Vald, Margarita},
  booktitle={Proceedings of the 5th conference on Innovations in theoretical computer science},
  pages={523--540},
  year={2014},
  organization={ACM}
}

@inproceedings{am,
  title={Rational proofs},
  author={Azar, Pablo Daniel and Micali, Silvio},
  booktitle={Proceedings of the forty-fourth annual ACM symposium on Theory of computing},
  pages={1017--1028},
  year={2012},
  organization={ACM}
}

@incollection{cg15,
  title={Sequentially Composable Rational Proofs},
  author={Campanelli, Matteo and Gennaro, Rosario},
  booktitle={Decision and Game Theory for Security},
  pages={270--288},
  year={2015},
  publisher={Springer}
}

@incollection{ratsumchecks,
  title={Rational sumchecks},
  author={Guo, Siyao and Hub{\'a}{\v{c}}ek, Pavel and Rosen, Alon and Vald, Margarita},
  booktitle={Theory of Cryptography},
  pages={319--351},
  year={2016},
  publisher={Springer}
}

@inproceedings{kilian1992note,
	title={A note on efficient zero-knowledge proofs and arguments},
	author={Kilian, Joe},
	booktitle={Proceedings of the twenty-fourth annual ACM symposium on Theory of computing},
	pages={723--732},
	year={1992},
	organization={ACM}
}

@article{brier,
  title={Verification of forecasts expressed in terms of probability},
  author={Brier, Glenn W},
  journal={Monthly weather review},
  volume={78},
  number={1},
  pages={1--3},
  year={1950}
}

@article{seti,
  title={{SETI}@ home: an experiment in public-resource computing},
  author={Anderson, David P and Cobb, Jeff and Korpela, Eric and Lebofsky, Matt and Werthimer, Dan},
  journal={Communications of the ACM},
  volume={45},
  number={11},
  pages={56--61},
  year={2002},
  publisher={ACM}
}

@book{arora2009computational,
  title={Computational complexity: a modern approach},
  author={Arora, Sanjeev and Barak, Boaz},
  year={2009},
  publisher={Cambridge University Press}
}

@article{folding,
  title={Folding@ Home and Genome@ Home: Using distributed computing to tackle previously intractable problems in computational biology},
  author={Larson, Stefan M and Snow, Christopher D and Shirts, Michael and Pande, Vijay S},
  journal={arXiv preprint arXiv:0901.0866},
  year={2009}
}
