@inproceedings{b08,
  author    = {Mira Belenkiy and
               Melissa Chase and
               C. Christopher Erway and
               John Jannotti and
               Alptekin K{\"{u}}p{\c{c}}{\"{u}} and
               Anna Lysyanskaya},
  title     = {Incentivizing outsourced computation},
  booktitle = {Proceedings of the {ACM} {SIGCOMM} 2008 Workshop on Economics of Networked
               Systems, NetEcon 2008, Seattle, WA, USA, August 22, 2008},
  pages     = {85--90},
  year      = {2008}
}

@inproceedings{hag91,
 author = {Hagerup, Torben},
 title = {Fast Parallel Generation of Random Permutations},
 booktitle = {Proceedings of the 18th International Colloquium on Automata, Languages and Programming},
 year = {1991},
 isbn = {0-387-54233-7},
 location = {Madrid, Spain},
 pages = {405--416},
 numpages = {12},
 url = {http://dl.acm.org/citation.cfm?id=111713.111744},
 acmid = {111744},
 publisher = {Springer-Verlag New York, Inc.},
 address = {New York, NY, USA},
} 

@inproceedings{CMT,
  title={Practical verified computation with streaming interactive proofs},
  author={Cormode, Graham and Mitzenmacher, Michael and Thaler, Justin},
  booktitle={Proceedings of the 3rd Innovations in Theoretical Computer Science Conference},
  pages={90--112},
  year={2012},
  organization={ACM}
}


@article{merkle,
  title={Secure communications over insecure channels},
  author={Merkle, Ralph C},
  journal={Communications of the ACM},
  volume={21},
  number={4},
  pages={294--299},
  year={1978},
  publisher={ACM}
}

@book{gentry,
  title={A fully homomorphic encryption scheme},
  author={Gentry, Craig},
  year={2009},
  publisher={Stanford University}
}


@inproceedings{mpc,
  title={Protocols for secure computations},
  author={Yao, Andrew C},
  booktitle={Foundations of Computer Science, 1982. SFCS'08. 23rd Annual Symposium on},
  pages={160--164},
  year={1982},
  organization={IEEE}
}


@article{garg2016candidate,
  title={Candidate indistinguishability obfuscation and functional encryption for all circuits},
  author={Garg, Sanjam and Gentry, Craig and Halevi, Shai and Raykova, Mariana and Sahai, Amit and Waters, Brent},
  journal={SIAM Journal on Computing},
  volume={45},
  number={3},
  pages={882--929},
  year={2016},
  publisher={SIAM}
}



@inproceedings{matias91,
 author = {Matias, Yossi and Vishkin, Uzi},
 title = {Converting High Probability into Nearly-constant Time - with Applications to Parallel Hashing},
 booktitle = {Proceedings of the Twenty-third Annual ACM Symposium on Theory of Computing},
 series = {STOC '91},
 year = {1991},
 isbn = {0-89791-397-3},
 location = {New Orleans, Louisiana, USA},
 pages = {307--316},
 numpages = {10},
 url = {http://doi.acm.org/10.1145/103418.103453},
 doi = {10.1145/103418.103453},
 acmid = {103453},
 publisher = {ACM},
 address = {New York, NY, USA},
} 

@inproceedings{ckv10,
	title={Improved Delegation of Computation Using Fully Homomorphic Encryption.},
	author={Chung, Kai-Min and Kalai, Yael Tauman and Vadhan, Salil P},
	booktitle={CRYPTO},
	volume={6223},
	pages={483--501},
	year={2010},
	organization={Springer}
}

@phdthesis{papakonstantinou2010constructions,
	title={Constructions, lower bounds, and new directions in Cryptography and Computational Complexity},
	author={Papakonstantinou, Periklis A},
	year={2010},
	school={University of Toronto}
}

@article{nisan1992pseudorandom,
	title={Pseudorandom generators for space-bounded computation},
	author={Nisan, Noam},
	journal={Combinatorica},
	volume={12},
	number={4},
	pages={449--461},
	year={1992},
	publisher={Springer}
}

@inproceedings{rp12,
	title={Rational proofs},
	author={Azar, Pablo Daniel and Micali, Silvio},
	booktitle={Proceedings of the forty-fourth annual ACM symposium on Theory of computing},
	pages={1017--1028},
	year={2012},
	organization={ACM}
}

@inproceedings{rmpc04,
	title={Rational secret sharing and multiparty computation},
	author={Halpern, Joseph and Teague, Vanessa},
	booktitle={Proceedings of the thirty-sixth annual ACM symposium on Theory of computing},
	pages={623--632},
	year={2004},
	organization={ACM}
}


@inproceedings{games08,
	title={Games for exchanging information},
	author={Kol, Gillat and Naor, Moni},
	booktitle={Proceedings of the fortieth annual ACM symposium on Theory of computing},
	pages={423--432},
	year={2008},
	organization={ACM}
	
}

@inproceedings{ik00,
  title={Randomizing polynomials: A new representation with applications to round-efficient secure computation},
  author={Ishai, Yuval and Kushilevitz, Eyal},
  booktitle={Foundations of Computer Science, 2000. Proceedings. 41st Annual Symposium on},
  pages={294--304},
  year={2000},
  organization={IEEE}
}

@article{razborov1987lower,
  title={Lower bounds on the size of bounded depth circuits over a complete basis with logical addition},
  author={Razborov, Alexander A},
  journal={Mathematical Notes of the Academy of Sciences of the USSR},
  volume={41},
  number={4},
  pages={333--338},
  year={1987},
  publisher={Springer}
}


@inproceedings{rp13,
	title={Super-efficient rational proofs},
	author={Azar, Pablo Daniel and Micali, Silvio},
	booktitle={Proceedings of the fourteenth ACM conference on Electronic commerce},
	pages={29--30},
	year={2013},
	organization={ACM}
}

@article{upow,
	title={Proofs of Useful Work.},
	author={Ball, Marshall and Rosen, Alon and Sabin, Manuel and Vasudevan, Prashant Nalini},
	journal={IACR Cryptology ePrint Archive},
	volume={2017},
	pages={203},
	year={2017}
}


@inproceedings{fgcrypto,
	title={Fine-grained Cryptography},
	author={Degwekar, Akshay and Vaikuntanathan, Vinod and Vasudevan, Prashant Nalini},
	booktitle={Annual Cryptology Conference},
	pages={533--562},
	year={2016},
	organization={Springer}
}

@inproceedings{cg15,
	title={Sequentially composable rational proofs},
	author={Campanelli, Matteo and Gennaro, Rosario},
	booktitle={International Conference on Decision and Game Theory for Security},
	pages={270--288},
	year={2015},
	organization={Springer}
}

@inproceedings{cg17,
	title={Efficient Rational Proofs for Space Bounded Computations},
	author={Campanelli, Matteo and Gennaro, Rosario},
	booktitle={International Conference on Decision and Game Theory for Security},
	pages={53--73},
	year={2017},
	organization={Springer}
}

@article{cggn17,
	title={Zero-knowledge Contingent Payments Revisited: Attacks and Payments for Services},
	author={Campanelli, Matteo and Gennaro, Rosario and Goldfeder, Steven and Nizzardo, Luca},
	journal={Commun. ACM},
	year={2017}
}

@inproceedings{fghardness,
	title={Average-Case Fine-Grained Hardness.},
	author={Ball, Marshall and Rosen, Alon and Sabin, Manuel and Vasudevan, Prashant Nalini},
	booktitle={Electronic Colloquium on Computational Complexity (ECCC)},
	volume={24},
	pages={39},
	year={2017}
}

@techreport{feimpossible,
	title={On the impossibility of fair exchange without a trusted third party},
	author={Pagnia, Henning and G{\"a}rtner, Felix C},
	year={1999},
	institution={Technical Report TUD-BS-1999-02, Darmstadt University of Technology, Department of Computer Science, Darmstadt, Germany}
}

@misc{bc,
	title={Bitcoin: A peer-to-peer electronic cash system},
	author={Nakamoto, Satoshi},
	year={2008}
}

@article{johnson2006np,
	title={The NP-completeness column: The many limits on approximation},
	author={Johnson, David S},
	journal={ACM Transactions on Algorithms (TALG)},
	volume={2},
	number={3},
	pages={473--489},
	year={2006},
	publisher={ACM}
}

@inproceedings{khot2006better,
	title={Better inapproximability results for maxclique, chromatic number and min-3lin-deletion},
	author={Khot, Subhash and Ponnuswami, Ashok Kumar},
	booktitle={International Colloquium on Automata, Languages, and Programming},
	pages={226--237},
	year={2006},
	organization={Springer}
}

@inproceedings{makarychev2010maximum,
	title={Maximum quadratic assignment problem: Reduction from maximum label cover and lp-based approximation algorithm},
	author={Makarychev, Konstantin and Manokaran, Rajsekar and Sviridenko, Maxim},
	booktitle={International Colloquium on Automata, Languages, and Programming},
	pages={594--604},
	year={2010},
	organization={Springer}
}

@inproceedings{karp1985constructing,
	title={Constructing a perfect matching is in random NC},
	author={Karp, Richard M and Upfal, Eli and Wigderson, Avi},
	booktitle={Proceedings of the seventeenth annual ACM symposium on Theory of computing},
	pages={22--32},
	year={1985},
	organization={ACM}
}

@article{barrington1991oracle,
	title={Oracle branching programs and Logspace versus P},
	author={Barrington, David A Mix and McKenzie, Pierre},
	journal={Information and Computation},
	volume={95},
	number={1},
	pages={96--115},
	year={1991},
	publisher={Elsevier}
}

@article{dns,
  author    = {Cynthia Dwork and
               Moni Naor and
               Amit Sahai},
  title     = {Concurrent zero-knowledge},
  journal   = {J. {ACM}},
  volume    = {51},
  number    = {6},
  pages     = {851--898},
  year      = {2004}
}

@article{halpern2011don,
  title={I don't want to think about it now: Decision theory with costly computation},
  author={Halpern, Joseph Y and Pass, Rafael},
  journal={arXiv preprint arXiv:1106.2657},
  year={2011}
}

@inproceedings{grlocally,
  title={Simple doubly-efficient interactive proof systems for locally-characterizable sets},
  author={Goldreich, Oded and Rothblum, Guy N},
  booktitle={LIPIcs-Leibniz International Proceedings in Informatics},
  volume={94},
  year={2018},
  organization={Schloss Dagstuhl-Leibniz-Zentrum fuer Informatik}
}


@article{AL10,
  author    = {Yonatan Aumann and
               Yehuda Lindell},
  title     = {Security Against Covert Adversaries: Efficient Protocols for Realistic
               Adversaries},
  journal   = {J. Cryptology},
  volume    = {23},
  number    = {2},
  pages     = {281--343},
  year      = {2010}
  }


@inproceedings{babai,
  title={Trading group theory for randomness},
  author={Babai, L{\'a}szl{\'o}},
  booktitle={Proceedings of the seventeenth annual ACM symposium on Theory of computing},
  pages={421--429},
  year={1985},
  organization={ACM}
}

@inproceedings{chen2016rational,
  title={Rational proofs with multiple provers},
  author={Chen, Jing and McCauley, Samuel and Singh, Shikha},
  booktitle={Proceedings of the 2016 ACM Conference on Innovations in Theoretical Computer Science},
  pages={237--248},
  year={2016},
  organization={ACM}
}

@article{wb15,
  title={Verifying computations without reexecuting them},
  author={Walfish, Michael and Blumberg, Andrew J},
  journal={Communications of the ACM},
  volume={58},
  number={2},
  pages={74--84},
  year={2015},
  publisher={ACM}
}

@article{SCcompleteness,
  title={Bounded size dictionary compression: {SC}$_k$-completeness and {NC} algorithms},
  author={De Agostino, Sergio and Silvestri, Riccardo},
  journal={Information and Computation},
  volume={180},
  number={2},
  pages={101--112},
  year={2003},
  publisher={Elsevier}
}


@inproceedings{rrr16,
  title={Constant-Round Interactive Proofs for Delegating Computation},
 author={Omer Reingold and Ron Rothblum and Guy Rothblum },
  booktitle={Proceedings of the Forty-Eighth Annual ACM on Symposium on Theory of Computing},
  pages={To appear},
  year={2016},
  organization={ACM}
}

@article{fhe-lwe,
	title={Efficient fully homomorphic encryption from (standard) LWE},
	author={Brakerski, Zvika and Vaikuntanathan, Vinod},
	journal={SIAM Journal on Computing},
	volume={43},
	number={2},
	pages={831--871},
	year={2014},
	publisher={SIAM}
}


@incollection{ggp10,
  title={Non-interactive verifiable computing: Outsourcing computation to untrusted workers},
  author={Gennaro, Rosario and Gentry, Craig and Parno, Bryan},
  booktitle={Advances in Cryptology--CRYPTO 2010},
  pages={465--482},
  year={2010},
  publisher={Springer}
}

@inproceedings{ggpr13,
  title={Quadratic Span Programs and Succinct {NIZK}s without {PCP}s.},
  author={Gennaro, Rosario and Gentry, Craig and Parno, Bryan and Raykova, Mariana},
  booktitle={EUROCRYPT},
  volume={7881},
  pages={626--645},
  year={2013},
  organization={Springer}
}

@inproceedings{krr14,
  title={How to delegate computations: the power of no-signaling proofs},
  author={Kalai, Yael Tauman and Raz, Ran and Rothblum, Ron D},
  booktitle={Proceedings of the 46th Annual ACM Symposium on Theory of Computing},
  pages={485--494},
  year={2014},
  organization={ACM}
}

@article{zk,
  title={The knowledge complexity of interactive proof systems},
  author={Goldwasser, Shafi and Micali, Silvio and Rackoff, Charles},
  journal={SIAM Journal on computing},
  volume={18},
  number={1},
  pages={186--208},
  year={1989},
  publisher={SIAM}
}

@inproceedings{pinocchio,
	title={Pinocchio: Nearly practical verifiable computation},
	author={Parno, Bryan and Howell, Jon and Gentry, Craig and Raykova, Mariana},
	booktitle={Security and Privacy (SP), 2013 IEEE Symposium on},
	pages={238--252},
	year={2013},
	organization={IEEE}
}

@inproceedings{impagliazzo1989one,
	title={One-way functions are essential for complexity based cryptography},
	author={Impagliazzo, Russell and Luby, Michael},
	booktitle={Foundations of Computer Science, 1989., 30th Annual Symposium on},
	pages={230--235},
	year={1989},
	organization={IEEE}
}


@inproceedings{impagliazzo1995personal,
	title={A personal view of average-case complexity},
	author={Impagliazzo, Russell},
	booktitle={Structure in Complexity Theory Conference, 1995., Proceedings of Tenth Annual IEEE},
	pages={134--147},
	year={1995},
	organization={IEEE}
}


@inproceedings{kalai2014delegate,
	title={How to delegate computations: the power of no-signaling proofs},
	author={Kalai, Yael Tauman and Raz, Ran and Rothblum, Ron D},
	booktitle={Proceedings of the forty-sixth annual ACM symposium on Theory of computing},
	pages={485--494},
	year={2014},
	organization={ACM}
}


@inproceedings{qap,
	title={Quadratic span programs and succinct NIZKs without PCPs},
	author={Gennaro, Rosario and Gentry, Craig and Parno, Bryan and Raykova, Mariana},
	booktitle={Annual International Conference on the Theory and Applications of Cryptographic Techniques},
	pages={626--645},
	year={2013},
	organization={Springer}
}

@InProceedings{snark-linear,
author="Bitansky, Nir
and Chiesa, Alessandro
and Ishai, Yuval
and Paneth, Omer
and Ostrovsky, Rafail",
editor="Sahai, Amit",
title="Succinct Non-interactive Arguments via Linear Interactive Proofs",
booktitle="Theory of Cryptography",
year="2013",
publisher="Springer Berlin Heidelberg",
address="Berlin, Heidelberg",
pages="315--333",
abstract="Succinct non-interactive arguments (SNARGs) enable verifying NP statements with lower complexity than required for classical NP verification. Traditionally, the focus has been on minimizing the length of such arguments; nowadays researches have focused also on minimizing verification time, by drawing motivation from the problem of delegating computation.",
isbn="978-3-642-36594-2"
}

@inproceedings{aik10,
  title={From secrecy to soundness: Efficient verification via secure computation},
  author={Applebaum, Benny and Ishai, Yuval and Kushilevitz, Eyal},
  booktitle={International Colloquium on Automata, Languages, and Programming},
  pages={152--163},
  year={2010},
  organization={Springer}
}

@book{goldreich2009foundations2,
  title={Foundations of Cryptography: Volume 2, Basic Applications},
  author={Goldreich, Oded},
  year={2009},
  publisher={Cambridge university press}
}


@inproceedings{muggles,
	title={Delegating computation: interactive proofs for muggles},
	author={Goldwasser, Shafi and Kalai, Yael Tauman and Rothblum, Guy N},
	booktitle={Proceedings of the fortieth annual ACM symposium on Theory of computing},
	pages={113--122},
	year={2008},
	organization={ACM}
}

@inproceedings{gghkr07,
  title={Verifying and decoding in constant depth},
  author={Goldwasser, Shafi and Gutfreund, Dan and Healy, Alexander and Kaufman, Tali and Rothblum, Guy N},
  booktitle={Proceedings of the thirty-ninth annual ACM symposium on Theory of computing},
  pages={440--449},
  year={2007},
  organization={ACM}
}



@article{sboxes,
  title={A depth-16 circuit for the AES S-box},
  author={Boyar, Joan and Peralta, Rene C},
  journal={IACR Cryptology ePrint Archive},
  volume={2011},
  number={IACR Cryptology ePrint Archive},
  year={2011}
}



@inproceedings{ratargs,
  title={Rational arguments: single round delegation with sublinear verification},
  author={Guo, Siyao and Hub{\'a}{\v{c}}ek, Pavel and Rosen, Alon and Vald, Margarita},
  booktitle={Proceedings of the 5th conference on Innovations in theoretical computer science},
  pages={523--540},
  year={2014},
  organization={ACM}
}



@incollection{ratsumchecks,
  title={Rational sumchecks},
  author={Guo, Siyao and Hub{\'a}{\v{c}}ek, Pavel and Rosen, Alon and Vald, Margarita},
  booktitle={Theory of Cryptography},
  pages={319--351},
  year={2016},
  publisher={Springer}
}

@inproceedings{kilian1992note,
	title={A note on efficient zero-knowledge proofs and arguments},
	author={Kilian, Joe},
	booktitle={Proceedings of the twenty-fourth annual ACM symposium on Theory of computing},
	pages={723--732},
	year={1992},
	organization={ACM}
}

@article{brier,
  title={Verification of forecasts expressed in terms of probability},
  author={Brier, Glenn W},
  journal={Monthly weather review},
  volume={78},
  number={1},
  pages={1--3},
  year={1950}
}

@article{ball2017proofs,
	title={Proofs of Useful Work.},
	author={Ball, Marshall and Rosen, Alon and Sabin, Manuel and Vasudevan, Prashant Nalini},
	journal={IACR Cryptology ePrint Archive},
	volume={2017},
	pages={203},
	year={2017}
}

@inproceedings{cryptoNC0,
  title={Cryptography in NC\^{} 0},
  author={Applebaum, B and Ishai, Y and Kushilevitz, E},
  booktitle={Foundations of Computer Science, 2004. Proceedings. 45th Annual IEEE Symposium on},
  pages={166--175},
  year={2004}
}

@inproceedings{SYY,
  title={Non-Interactive CryptoComputing For NC1},
  author={Sander, Tomas and Young, Adam and Yung, Moti},
  booktitle={Proceedings of the 40th Annual Symposium on Foundations of Computer Science},
  pages={554},
  year={1999},
  organization={IEEE Computer Society}
}




@inproceedings{re,
	title={Randomizing polynomials: A new representation with applications to round-efficient secure computation},
	author={Ishai, Yuval and Kushilevitz, Eyal},
	booktitle={Foundations of Computer Science, 2000. Proceedings. 41st Annual Symposium on},
	pages={294--304},
	year={2000},
	organization={IEEE}
}

@book{goldreich2009foundations1,
  title={Foundations of Cryptography: Volume 1, Basic Tools},
  author={Goldreich, Oded},
  year={2001},
  publisher={Cambridge University Press}
}


@inproceedings{fggr,
	title={Worst-case to average-case reductions for subclasses of p},
	author={Goldreich, Oded and Rothblum, Guy N},
	booktitle={Electronic Colloquium on Computational Complexity (ECCC)},
	pages={17--130},
	year={2017}
}



@article{seti,
  title={{SETI}@home: an experiment in public-resource computing},
  author={Anderson, David P and Cobb, Jeff and Korpela, Eric and Lebofsky, Matt and Werthimer, Dan},
  journal={Communications of the ACM},
  volume={45},
  number={11},
  pages={56--61},
  year={2002},
  publisher={ACM}
}

@book{arora2009computational,
  title={Computational complexity: a modern approach},
  author={Arora, Sanjeev and Barak, Boaz},
  year={2009},
  publisher={Cambridge University Press}
}

@article{folding,
  title={Folding@ Home and Genome@ Home: Using distributed computing to tackle previously intractable problems in computational biology},
  author={Larson, Stefan M and Snow, Christopher D and Shirts, Michael and Pande, Vijay S},
  journal={arXiv preprint arXiv:0901.0866},
  year={2009}
}

@phdthesis{rothblum2009delegating,
  title={Delegating computation reliably: paradigms and constructions},
  author={Rothblum, Guy N},
  year={2009},
  school={Massachusetts Institute of Technology}
}



@inproceedings{luu2015demystifying,
	title={Demystifying incentives in the consensus computer},
	author={Luu, Loi and Teutsch, Jason and Kulkarni, Raghav and Saxena, Prateek},
	booktitle={Proceedings of the 22nd ACM SIGSAC Conference on Computer and Communications Security},
	pages={706--719},
	year={2015},
	organization={ACM}
}

@inproceedings{b08,
	author    = {Mira Belenkiy and
	Melissa Chase and
	C. Christopher Erway and
	John Jannotti and
	Alptekin K{\"{u}}p{\c{c}}{\"{u}} and
	Anna Lysyanskaya},
	title     = {Incentivizing outsourced computation},
	booktitle = {Proceedings of the {ACM} {SIGCOMM} 2008 Workshop on Economics of Networked
	Systems, NetEcon 2008, Seattle, WA, USA, August 22, 2008},
	pages     = {85--90},
	year      = {2008}
}

@phdthesis{papakonstantinou2010constructions,
	title={Constructions, lower bounds, and new directions in Cryptography and Computational Complexity},
	author={Papakonstantinou, Periklis A},
	year={2010},
	school={University of Toronto}
}

@article{nisan1992pseudorandom,
	title={Pseudorandom generators for space-bounded computation},
	author={Nisan, Noam},
	journal={Combinatorica},
	volume={12},
	number={4},
	pages={449--461},
	year={1992},
	publisher={Springer}
}

@article{johnson2006np,
	title={The NP-completeness column: The many limits on approximation},
	author={Johnson, David S},
	journal={ACM Transactions on Algorithms (TALG)},
	volume={2},
	number={3},
	pages={473--489},
	year={2006},
	publisher={ACM}
}

@inproceedings{khot2006better,
	title={Better inapproximability results for maxclique, chromatic number and min-3lin-deletion},
	author={Khot, Subhash and Ponnuswami, Ashok Kumar},
	booktitle={International Colloquium on Automata, Languages, and Programming},
	pages={226--237},
	year={2006},
	organization={Springer}
}

@inproceedings{makarychev2010maximum,
	title={Maximum quadratic assignment problem: Reduction from maximum label cover and lp-based approximation algorithm},
	author={Makarychev, Konstantin and Manokaran, Rajsekar and Sviridenko, Maxim},
	booktitle={International Colloquium on Automata, Languages, and Programming},
	pages={594--604},
	year={2010},
	organization={Springer}
}

@inproceedings{karp1985constructing,
	title={Constructing a perfect matching is in random NC},
	author={Karp, Richard M and Upfal, Eli and Wigderson, Avi},
	booktitle={Proceedings of the seventeenth annual ACM symposium on Theory of computing},
	pages={22--32},
	year={1985},
	organization={ACM}
}

@article{barrington1991oracle,
	title={Oracle branching programs and Logspace versus P},
	author={Barrington, David A Mix and McKenzie, Pierre},
	journal={Information and Computation},
	volume={95},
	number={1},
	pages={96--115},
	year={1991},
	publisher={Elsevier}
}

@article{dns,
	author    = {Cynthia Dwork and
	Moni Naor and
	Amit Sahai},
	title     = {Concurrent zero-knowledge},
	journal   = {J. {ACM}},
	volume    = {51},
	number    = {6},
	pages     = {851--898},
	year      = {2004}
}

@article{halpern2011don,
	title={I don't want to think about it now: Decision theory with costly computation},
	author={Halpern, Joseph Y and Pass, Rafael},
	journal={arXiv preprint arXiv:1106.2657},
	year={2011}
}

@article{AL10,
	author    = {Yonatan Aumann and
	Yehuda Lindell},
	title     = {Security Against Covert Adversaries: Efficient Protocols for Realistic
	Adversaries},
	journal   = {J. Cryptology},
	volume    = {23},
	number    = {2},
	pages     = {281--343},
	year      = {2010}
}

@inproceedings{dn-spam,
  title={Pricing via processing or combatting junk mail},
  author={Dwork, Cynthia and Naor, Moni},
  booktitle={Annual International Cryptology Conference},
  pages={139--147},
  year={1992},
  organization={Springer}
}

@article{H87,
  title={One-way permutations in NC0},
  author={Hastad, Johan},
  journal={Information Processing Letters},
  volume={26},
  number={3},
  pages={153--155},
  year={1987},
  publisher={Elsevier}
}


@InProceedings{maurer,
author="Cachin, Christian
and Maurer, Ueli",
editor="Kaliski, Burton S.",
title="Unconditional security against memory-bounded adversaries",
booktitle="Advances in Cryptology --- CRYPTO '97",
year="1997",
publisher="Springer Berlin Heidelberg",
address="Berlin, Heidelberg",
pages="292--306",
abstract="We propose a private-key cryptosystem and a protocol for key agreement by public discussion that are unconditionally secure based on the sole assumption that an adversary's memory capacity is limited. No assumption about her computing power is made. The scenario assumes that a random bit string of length slightly larger than the adversary's memory capacity can be received by all parties. The random bit string can for instance be broadcast by a satellite or over an optical network, or transmitted over an insecure channel between the communicating parties. The proposed schemes require very high bandwidth but can nevertheless be practical.",
isbn="978-3-540-69528-8"
}



@inproceedings{am1,
	title={Super-efficient rational proofs},
	author={Azar, Pablo Daniel and Micali, Silvio},
	booktitle={Proceedings of the fourteenth ACM conference on Electronic commerce},
	pages={29--30},
	year={2013},
	organization={ACM}
}

@inproceedings{babai,
	title={Trading group theory for randomness},
	author={Babai, L{\'a}szl{\'o}},
	booktitle={Proceedings of the seventeenth annual ACM symposium on Theory of computing},
	pages={421--429},
	year={1985},
	organization={ACM}
}

@inproceedings{chen2016rational,
	title={Rational proofs with multiple provers},
	author={Chen, Jing and McCauley, Samuel and Singh, Shikha},
	booktitle={Proceedings of the 2016 ACM Conference on Innovations in Theoretical Computer Science},
	pages={237--248},
	year={2016},
	organization={ACM}
}

@article{wb15,
	title={Verifying computations without reexecuting them},
	author={Walfish, Michael and Blumberg, Andrew J},
	journal={Communications of the ACM},
	volume={58},
	number={2},
	pages={74--84},
	year={2015},
	publisher={ACM}
}

@article{SCcompleteness,
	title={Bounded size dictionary compression: {SC}$_k$-completeness and {NC} algorithms},
	author={De Agostino, Sergio and Silvestri, Riccardo},
	journal={Information and Computation},
	volume={180},
	number={2},
	pages={101--112},
	year={2003},
	publisher={Elsevier}
}


@inproceedings{rrr16,
	title={Constant-Round Interactive Proofs for Delegating Computation},
	author={Omer Reingold and Ron Rothblum and Guy Rothblum },
	booktitle={Proceedings of the Forty-Eighth Annual ACM on Symposium on Theory of Computing},
	pages={To appear},
	year={2016},
	organization={ACM}
}


@inproceedings{ggpr13,
	title={Quadratic Span Programs and Succinct {NIZK}s without {PCP}s.},
	author={Gennaro, Rosario and Gentry, Craig and Parno, Bryan and Raykova, Mariana},
	booktitle={EUROCRYPT},
	volume={7881},
	pages={626--645},
	year={2013},
	organization={Springer}
}

@inproceedings{krr14,
	title={How to delegate computations: the power of no-signaling proofs},
	author={Kalai, Yael Tauman and Raz, Ran and Rothblum, Ron D},
	booktitle={Proceedings of the 46th Annual ACM Symposium on Theory of Computing},
	pages={485--494},
	year={2014},
	organization={ACM}
}

@article{gmr,
	title={The knowledge complexity of interactive proof systems},
	author={Goldwasser, Shafi and Micali, Silvio and Rackoff, Charles},
	journal={SIAM Journal on computing},
	volume={18},
	number={1},
	pages={186--208},
	year={1989},
	publisher={SIAM}
}

@inproceedings{ratargs,
	title={Rational arguments: single round delegation with sublinear verification},
	author={Guo, Siyao and Hub{\'a}{\v{c}}ek, Pavel and Rosen, Alon and Vald, Margarita},
	booktitle={Proceedings of the 5th conference on Innovations in theoretical computer science},
	pages={523--540},
	year={2014},
	organization={ACM}
}

@inproceedings{am,
	title={Rational proofs},
	author={Azar, Pablo Daniel and Micali, Silvio},
	booktitle={Proceedings of the forty-fourth annual ACM symposium on Theory of computing},
	pages={1017--1028},
	year={2012},
	organization={ACM}
}

@incollection{ratsumchecks,
	title={Rational sumchecks},
	author={Guo, Siyao and Hub{\'a}{\v{c}}ek, Pavel and Rosen, Alon and Vald, Margarita},
	booktitle={Theory of Cryptography},
	pages={319--351},
	year={2016},
	publisher={Springer}
}

@inproceedings{kilian1992note,
	title={A note on efficient zero-knowledge proofs and arguments},
	author={Kilian, Joe},
	booktitle={Proceedings of the twenty-fourth annual ACM symposium on Theory of computing},
	pages={723--732},
	year={1992},
	organization={ACM}
}

@article{brier,
	title={Verification of forecasts expressed in terms of probability},
	author={Brier, Glenn W},
	journal={Monthly weather review},
	volume={78},
	number={1},
	pages={1--3},
	year={1950}
}


@book{arora2009computational,
	title={Computational complexity: a modern approach},
	author={Arora, Sanjeev and Barak, Boaz},
	year={2009},
	publisher={Cambridge University Press}
}

@article{folding,
	title={Folding@ Home and Genome@ Home: Using distributed computing to tackle previously intractable problems in computational biology},
	author={Larson, Stefan M and Snow, Christopher D and Shirts, Michael and Pande, Vijay S},
	journal={arXiv preprint arXiv:0901.0866},
	year={2009}
}